<record><leader>00000cas a22000007a 4500</leader><controlfield tag="001">19023744</controlfield><controlfield tag="008">890116d19281968iduwr ne      0    0eng d</controlfield><datafield ind1=" " ind2=" " tag="010"><subfield code="a">sn 88056188 </subfield></datafield><datafield ind1=" " ind2=" " tag="040"><subfield code="a">NVB</subfield><subfield code="b">eng</subfield><subfield code="c">NVB</subfield><subfield code="d">OCLCQ</subfield><subfield code="d">ONB</subfield><subfield code="d">OCLCO</subfield><subfield code="d">OCLCF</subfield></datafield><datafield ind1=" " ind2=" " tag="042"><subfield code="a">msc</subfield></datafield><datafield ind1="0" ind2="0" tag="245"><subfield code="a">Boise valley herald.</subfield></datafield><datafield ind1=" " ind2=" " tag="260"><subfield code="a">Middleton, Idaho :</subfield><subfield code="b">A. &amp; I.W. Cornell</subfield></datafield><datafield ind1=" " ind2=" " tag="310"><subfield code="a">Weekly</subfield></datafield><datafield ind1="0" ind2=" " tag="362"><subfield code="a">Vol. 20, no. 24 (June 14, 1928)-v. 60, no. 45 (Sept. 26, 1968).</subfield></datafield><datafield ind1=" " ind2=" " tag="580"><subfield code="a">Merged with: Meridan news-times, and: Kuna herald, and: Garden City gazette, to form: Valley news-times.</subfield></datafield><datafield ind1=" " ind2="0" tag="651"><subfield code="a">Middleton (Idaho)</subfield><subfield code="x">Newspapers.</subfield></datafield><datafield ind1=" " ind2="7" tag="655"><subfield code="a">Newspapers.</subfield><subfield code="2">fast</subfield><subfield code="0">(OCoLC)fst01423814</subfield></datafield><datafield ind1=" " ind2="7" tag="651"><subfield code="a">Idaho</subfield><subfield code="z">Middleton.</subfield><subfield code="2">fast</subfield><subfield code="0">(OCoLC)fst01288529</subfield></datafield><datafield ind1=" " ind2=" " tag="752"><subfield code="a">United States</subfield><subfield code="b">Idaho</subfield><subfield code="c">Canyon</subfield><subfield code="d">Middleton.</subfield></datafield><datafield ind1="0" ind2="0" tag="780"><subfield code="t">Middleton herald</subfield><subfield code="w">(DLC)sn 89055015</subfield></datafield><datafield ind1="1" ind2="7" tag="785"><subfield code="t">Meridian news-times</subfield><subfield code="w">(DLC)sn 89055005</subfield></datafield><datafield ind1="1" ind2="7" tag="785"><subfield code="t">Kuna herald</subfield><subfield code="w">(DLC)sn 89055002</subfield></datafield><datafield ind1="1" ind2="7" tag="785"><subfield code="t">Garden City gazette</subfield><subfield code="w">(DLC)sn 88056040</subfield></datafield><datafield ind1="1" ind2="7" tag="785"><subfield code="t">Valley news-times</subfield><subfield code="w">(DLC)sn 89055006</subfield></datafield></record>